

@article{reyes2016modeling,
  title={Modeling immune response and its effect on infectious disease outbreak dynamics},
  author={Reyes-Silveyra, Jorge and Mikler, Armin R},
  journal={Theoretical Biology and Medical Modelling},
  volume={13},
  pages={1--21},
  year={2016},
  publisher={Springer}
}


@article{wilkinson2018impact,
  title={Impact of the infectious period on epidemics},
  author={Wilkinson, Robert R and Sharkey, Kieran J},
  journal={Physical Review E},
  volume={97},
  number={5},
  pages={052403},
  year={2018},
  publisher={APS}
}


@article{poonia2022enhanced,
  title={An Enhanced SEIR Model for Prediction of COVID-19 with Vaccination Effect},
  author={Poonia, Ramesh Chandra and Saudagar, Abdul Khader Jilani and Altameem, Abdullah and Alkhathami, Mohammed and Khan, Muhammad Badruddin and Hasanat, Mozaherul Hoque Abul},
  journal={Life},
  volume={12},
  number={5},
  pages={647},
  year={2022},
  publisher={MDPI}
}

@article{miksch2019should,
  title={Why should we apply ABM for decision analysis for infectious diseases?—An example for dengue interventions},
  author={Miksch, Florian and Jahn, Beate and Espinosa, Kurt Junshean and Chhatwal, Jagpreet and Siebert, Uwe and Popper, Nikolas},
  journal={PloS one},
  volume={14},
  number={8},
  pages={e0221564},
  year={2019},
  publisher={Public Library of Science San Francisco, CA USA}
}


@article{bickley2021does,
  title={How does globalization affect COVID-19 responses?},
  author={Bickley, Steve J and Chan, Ho Fai and Skali, Ahmed and Stadelmann, David and Torgler, Benno},
  journal={Globalization and health},
  volume={17},
  number={1},
  pages={57},
  year={2021},
  publisher={Springer}
}

@article{boucekkine2021economics,
  title={The economics of epidemics and contagious diseases: An introduction},
  author={Boucekkine, Raouf and Carvajal, Andr{\'e}s and Chakraborty, Shankha and Goenka, Aditya},
  journal={Journal of Mathematical Economics},
  volume={93},
  pages={102498},
  year={2021},
  publisher={Elsevier}
}

@article{dietz2002daniel,
  title={Daniel Bernoulli’s epidemiological model revisited},
  author={Dietz, Klaus and Heesterbeek, JAP},
  journal={Mathematical biosciences},
  volume={180},
  number={1-2},
  pages={1--21},
  year={2002},
  publisher={Elsevier}
}

@article{glatter2021history,
  title={History of the plague: An ancient pandemic for the age of COVID-19},
  author={Glatter, Kathryn A and Finkelman, Paul},
  journal={The American journal of medicine},
  volume={134},
  number={2},
  pages={176--181},
  year={2021},
  publisher={Elsevier}
}

@article{morabia2013epidemiology,
  title={Epidemiology’s 350th Anniversary: 1662--2012},
  author={Morabia, Alfredo},
  journal={Epidemiology (Cambridge, Mass.)},
  volume={24},
  number={2},
  pages={179},
  year={2013},
  publisher={NIH Public Access}
}


@article{saker2004globalization,
  title={Globalization and infectious diseases: a review of the linkages},
  author={Saker, Lance and Lee, Kelley and Cannito, Barbara and Gilmore, Anna and Campbell-Lendrum, Diarmid H and others},
  year={2004},
  publisher={World Health Organization}
}
